@book{wickham2016r,
  title={R for data science: import, tidy, transform, visualize, and model data},
  author={Wickham, Hadley and Grolemund, Garrett},
  year={2016},
  publisher={" O'Reilly Media, Inc."}
}

@book{xie2018r,
  title={R Markdown: The Definitive Guide},
  author={Xie, Yihui and Allaire, JJ and Grolemund, Garrett},
  year={2018},
  publisher={CRC Press}
}